@inproceedings{TalmageWelch14,
  author       = {Edward Talmage and
                  Jennifer L. Welch},
  editor       = {Fabian Kuhn},
  title        = {Improving Average Performance by Relaxing Distributed Data Structures},
  booktitle    = {Distributed Computing - 28th International Symposium, {DISC} 2014,
                  Austin, TX, USA, October 12-15, 2014. Proceedings},
  series       = {Lecture Notes in Computer Science},
  volume       = {8784},
  pages        = {421--438},
  publisher    = {Springer},
  year         = {2014},
  url          = {https://doi.org/10.1007/978-3-662-45174-8\_29},
  doi          = {10.1007/978-3-662-45174-8\_29},
  timestamp    = {Tue, 14 May 2019 10:00:54 +0200},
  biburl       = {https://dblp.org/rec/conf/wdag/TalmageW14.bib},
  bibsource    = {dblp computer science bibliography, https://dblp.org}
}
